

@inproceedings{DBLP:conf/types/BezemCH13,
  author    = {Marc Bezem and
               Thierry Coquand and
               Simon Huber},
  title     = {A Model of Type Theory in Cubical Sets},
  booktitle = {19th International Conference on Types for Proofs and Programs, {TYPES}
               2013, April 22-26, 2013, Toulouse, France},
  pages     = {107--128},
  year      = {2013},
  crossref  = {DBLP:conf/types/2013},
  url       = {http://dx.doi.org/10.4230/LIPIcs.TYPES.2013.107},
  doi       = {10.4230/LIPIcs.TYPES.2013.107},
  timestamp = {Tue, 29 Jul 2014 13:19:12 +0200},
  biburl    = {http://dblp.uni-trier.de/rec/bib/conf/types/BezemCH13},
  bibsource = {dblp computer science bibliography, http://dblp.org}
}

@proceedings{DBLP:conf/types/2013,
  editor    = {Ralph Matthes and
               Aleksy Schubert},
  title     = {19th International Conference on Types for Proofs and Programs, {TYPES}
               2013, April 22-26, 2013, Toulouse, France},
  series    = {LIPIcs},
  volume    = {26},
  publisher = {Schloss Dagstuhl - Leibniz-Zentrum fuer Informatik},
  year      = {2014},
  isbn      = {978-3-939897-72-9},
  timestamp = {Tue, 29 Jul 2014 13:16:35 +0200},
  biburl    = {http://dblp.uni-trier.de/rec/bib/conf/types/2013},
  bibsource = {dblp computer science bibliography, http://dblp.org}
}



@inproceedings{DBLP:conf/plpv/AltenkirchMS07,
  author    = {Thorsten Altenkirch and
               Conor McBride and
               Wouter Swierstra},
  title     = {Observational equality, now!},
  booktitle = {Proceedings of the {ACM} Workshop Programming Languages meets Program
               Verification, {PLPV} 2007, Freiburg, Germany, October 5, 2007},
  pages     = {57--68},
  year      = {2007},
  crossref  = {DBLP:conf/plpv/2007},
  url       = {http://doi.acm.org/10.1145/1292597.1292608},
  doi       = {10.1145/1292597.1292608},
  timestamp = {Tue, 06 Nov 2007 13:17:34 +0100},
  biburl    = {http://dblp.uni-trier.de/rec/bib/conf/plpv/AltenkirchMS07},
  bibsource = {dblp computer science bibliography, http://dblp.org}
}

@proceedings{DBLP:conf/plpv/2007,
  editor    = {Aaron Stump and
               Hongwei Xi},
  title     = {Proceedings of the {ACM} Workshop Programming Languages meets Program
               Verification, {PLPV} 2007, Freiburg, Germany, October 5, 2007},
  publisher = {{ACM}},
  year      = {2007},
  isbn      = {978-1-59593-677-6},
  timestamp = {Tue, 06 Nov 2007 13:17:34 +0100},
  biburl    = {http://dblp.uni-trier.de/rec/bib/conf/plpv/2007},
  bibsource = {dblp computer science bibliography, http://dblp.org}
}

@inproceedings{DBLP:conf/ifip/Reynolds83,
  author    = {John C. Reynolds},
  title     = {Types, Abstraction and Parametric Polymorphism},
  booktitle = {{IFIP} Congress},
  pages     = {513--523},
  year      = {1983},
  timestamp = {Thu, 03 Jan 2002 12:03:25 +0100},
  biburl    = {http://dblp.uni-trier.de/rec/bib/conf/ifip/Reynolds83},
  bibsource = {dblp computer science bibliography, http://dblp.org}
}

@article{DBLP:journals/jfp/BernardyJP12,
  author    = {Jean{-}Philippe Bernardy and
               Patrik Jansson and
               Ross Paterson},
  title     = {Proofs for free - Parametricity for dependent types},
  journal   = {J. Funct. Program.},
  volume    = {22},
  number    = {2},
  pages     = {107--152},
  year      = {2012},
  timestamp = {Wed, 03 Apr 2013 22:45:08 +0200},
  biburl    = {http://dblp.uni-trier.de/rec/bib/journals/jfp/BernardyJP12},
  bibsource = {dblp computer science bibliography, http://dblp.org}
}

@inproceedings{DBLP:conf/icfp/BernardyM13,
  author    = {Jean{-}Philippe Bernardy and
               Guilhem Moulin},
  title     = {Type-theory in color},
  booktitle = {{ACM} {SIGPLAN} International Conference on Functional Programming,
               ICFP'13, Boston, MA, {USA} - September 25 - 27, 2013},
  pages     = {61--72},
  year      = {2013},
  crossref  = {DBLP:conf/icfp/2013},
  url       = {http://doi.acm.org/10.1145/2500365.2500577},
  doi       = {10.1145/2500365.2500577},
  timestamp = {Thu, 19 Sep 2013 11:26:38 +0200},
  biburl    = {http://dblp.uni-trier.de/rec/bib/conf/icfp/BernardyM13},
  bibsource = {dblp computer science bibliography, http://dblp.org}
}

@proceedings{DBLP:conf/icfp/2013,
  editor    = {Greg Morrisett and
               Tarmo Uustalu},
  title     = {{ACM} {SIGPLAN} International Conference on Functional Programming,
               ICFP'13, Boston, MA, {USA} - September 25 - 27, 2013},
  publisher = {{ACM}},
  year      = {2013},
  url       = {http://dl.acm.org/citation.cfm?id=2500365},
  isbn      = {978-1-4503-2326-0},
  timestamp = {Thu, 19 Sep 2013 11:20:00 +0200},
  biburl    = {http://dblp.uni-trier.de/rec/bib/conf/icfp/2013},
  bibsource = {dblp computer science bibliography, http://dblp.org}
}


@inproceedings{DBLP:conf/fpca/Wadler89,
  author    = {Philip Wadler},
  title     = {Theorems for Free!},
  booktitle = {{FPCA}},
  pages     = {347--359},
  year      = {1989},
  timestamp = {Tue, 17 Dec 2002 13:05:47 +0100},
  biburl    = {http://dblp.uni-trier.de/rec/bib/conf/fpca/Wadler89},
  bibsource = {dblp computer science bibliography, http://dblp.org}
}

@inproceedings{Dominguez:2006:PFP:2228095.2228101,
 author = {Dom\'{\i}nguez, Facundo and Pardo, Alberto},
 title = {Program Fusion with Paramorphisms},
 booktitle = {Proceedings of the 2006 International Conference on Mathematically Structured Functional Programming},
 series = {MSFP'06},
 year = {2006},
 location = {Kuressaare, Estonia},
 pages = {6--6},
 numpages = {1},
 url = {http://dl.acm.org/citation.cfm?id=2228095.2228101},
 acmid = {2228101},
 publisher = {British Computer Society},
 address = {Swinton, UK, UK},
 keywords = {deforestation, functional programming, paramorphism, primitive recursion, program fusion},
} 

@article{DBLP:journals/jfp/GayV10,
  author    = {Simon J. Gay and
               Vasco Thudichum Vasconcelos},
  title     = {Linear type theory for asynchronous session types},
  journal   = {J. Funct. Program.},
  volume    = {20},
  number    = {1},
  pages     = {19--50},
  year      = {2010},
  timestamp = {Mon, 22 Mar 2010 12:02:58 +0100},
  biburl    = {http://dblp.uni-trier.de/rec/bib/journals/jfp/GayV10},
  bibsource = {dblp computer science bibliography, http://dblp.org}
}



@inproceedings{DBLP:conf/concur/CairesP10,
  author    = {Lu{\'{\i}}s Caires and
               Frank Pfenning},
  title     = {Session Types as Intuitionistic Linear Propositions},
  booktitle = {{CONCUR} 2010 - Concurrency Theory, 21th International Conference,
               {CONCUR} 2010, Paris, France, August 31-September 3, 2010. Proceedings},
  pages     = {222--236},
  year      = {2010},
  crossref  = {DBLP:conf/concur/2010},
  timestamp = {Thu, 26 Aug 2010 16:46:17 +0200},
  biburl    = {http://dblp.uni-trier.de/rec/bib/conf/concur/CairesP10},
  bibsource = {dblp computer science bibliography, http://dblp.org}
}

@proceedings{DBLP:conf/concur/2010,
  editor    = {Paul Gastin and
               Fran{\c{c}}ois Laroussinie},
  title     = {{CONCUR} 2010 - Concurrency Theory, 21th International Conference,
               {CONCUR} 2010, Paris, France, August 31-September 3, 2010. Proceedings},
  series    = {Lecture Notes in Computer Science},
  volume    = {6269},
  publisher = {Springer},
  year      = {2010},
  timestamp = {Thu, 26 Aug 2010 16:45:23 +0200},
  biburl    = {http://dblp.uni-trier.de/rec/bib/conf/concur/2010},
  bibsource = {dblp computer science bibliography, http://dblp.org}
}



@inproceedings{DBLP:conf/icfp/Wadler12,
  author    = {Philip Wadler},
  title     = {Propositions as sessions},
  booktitle = {{ACM} {SIGPLAN} International Conference on Functional Programming,
               ICFP'12, Copenhagen, Denmark, September 9-15, 2012},
  pages     = {273--286},
  year      = {2012},
  crossref  = {DBLP:conf/icfp/2012},
  timestamp = {Fri, 07 Sep 2012 13:31:36 +0200},
  biburl    = {http://dblp.uni-trier.de/rec/bib/conf/icfp/Wadler12},
  bibsource = {dblp computer science bibliography, http://dblp.org}
}

@proceedings{DBLP:conf/icfp/2012,
  editor    = {Peter Thiemann and
               Robby Bruce Findler},
  title     = {{ACM} {SIGPLAN} International Conference on Functional Programming,
               ICFP'12, Copenhagen, Denmark, September 9-15, 2012},
  publisher = {{ACM}},
  year      = {2012},
  timestamp = {Fri, 07 Sep 2012 13:25:18 +0200},
  biburl    = {http://dblp.uni-trier.de/rec/bib/conf/icfp/2012},
  bibsource = {dblp computer science bibliography, http://dblp.org}
}

@article{DBLP:journals/jar/McKinnaP99,
  author    = {James McKinna and
               Robert Pollack},
  title     = {Some Lambda Calculus and Type Theory Formalized},
  journal   = {J. Autom. Reasoning},
  volume    = {23},
  number    = {3-4},
  pages     = {373--409},
  year      = {1999},
  timestamp = {Thu, 19 May 2011 15:52:37 +0200},
  biburl    = {http://dblp.uni-trier.de/rec/bib/journals/jar/McKinnaP99},
  bibsource = {dblp computer science bibliography, http://dblp.org}
}


@inproceedings{DBLP:conf/lics/Luo89,
  author    = {Zhaohui Luo},
  title     = {{ECC}, an {E}xtended {C}alculus of {C}onstructions},
  booktitle = {Proceedings of the Fourth Annual Symposium on Logic in Computer Science
               {(LICS} '89), Pacific Grove, California, USA, June 5-8, 1989},
  pages     = {386--395},
  year      = {1989},
  crossref  = {DBLP:conf/lics/1989},
  timestamp = {Thu, 22 Jan 2015 09:24:44 +0100},
  biburl    = {http://dblp.uni-trier.de/rec/bib/conf/lics/Luo89},
  bibsource = {dblp computer science bibliography, http://dblp.org}
}

@proceedings{DBLP:conf/lics/1989,
  title     = {Proceedings of the Fourth Annual Symposium on Logic in Computer Science
               {(LICS} '89), Pacific Grove, California, USA, June 5-8, 1989},
  publisher = {{IEEE} Computer Society},
  year      = {1989},
  timestamp = {Fri, 21 Nov 2014 14:08:56 +0100},
  biburl    = {http://dblp.uni-trier.de/rec/bib/conf/lics/1989},
  bibsource = {dblp computer science bibliography, http://dblp.org}
}



@Article{takahashi:parallel,
  author = 	 {Masako Takahashi},
  title = 	 {Parallel {R}eductions in $\lambda$-{C}alculus (Revised version)},
  journal = 	 {Information and Computation},
  year = 	 1995,
  volume = 	 118,
  number = 	 1,
  pages = 	 {120--127}}

@article{DBLP:journals/jfp/Adams06,
  author    = {Robin Adams},
  title     = {Pure type systems with judgemental equality},
  journal   = {J. Funct. Program.},
  volume    = {16},
  number    = {2},
  pages     = {219--246},
  year      = {2006},
  timestamp = {Tue, 10 Feb 2015 15:39:00 +0100},
  biburl    = {http://dblp.uni-trier.de/rec/bib/journals/jfp/Adams06},
  bibsource = {dblp computer science bibliography, http://dblp.org}
}

@inproceedings{DBLP:conf/tlca/Miquel01,
  author    = {Alexandre Miquel},
  title     = {The Implicit Calculus of Constructions},
  booktitle = {{TLCA}},
  pages     = {344--359},
  year      = {2001},
  timestamp = {Tue, 28 Jun 2011 15:07:19 +0200},
  biburl    = {http://dblp.uni-trier.de/rec/bib/conf/tlca/Miquel01},
  bibsource = {dblp computer science bibliography, http://dblp.org}
}

@Article{gentzen:hauptsatz,
  author = 	 {Gerhard Gentzen},
  title = 	 {Untersuchungen \"{u}ber das logische Schlie{\ss}en},
  journal = 	 {Mathematische Zeitschrift},
  year = 	 1935,
  volume = 	 29,
  number = 	 {2-3},
  pages = 	 {176--210, 405--431}}

@inproceedings{DBLP:conf/types/WatkinsCPW03,
  author    = {Kevin Watkins and
               Iliano Cervesato and
               Frank Pfenning and
               David Walker},
  title     = {A Concurrent Logical Framework: The Propositional Fragment},
  booktitle = {Types for Proofs and Programs, International Workshop, {TYPES} 2003,
               Torino, Italy, April 30 - May 4, 2003, Revised Selected Papers},
  pages     = {355--377},
  year      = {2003},
  crossref  = {DBLP:conf/types/2003},
  timestamp = {Thu, 07 Jul 2011 15:47:34 +0200},
  biburl    = {http://dblp.uni-trier.de/rec/bib/conf/types/WatkinsCPW03},
  bibsource = {dblp computer science bibliography, http://dblp.org}
}

@proceedings{DBLP:conf/types/2003,
  editor    = {Stefano Berardi and
               Mario Coppo and
               Ferruccio Damiani},
  title     = {Types for Proofs and Programs, International Workshop, {TYPES} 2003,
               Torino, Italy, April 30 - May 4, 2003, Revised Selected Papers},
  series    = {Lecture Notes in Computer Science},
  volume    = {3085},
  publisher = {Springer},
  year      = {2004},
  timestamp = {Fri, 04 Jun 2004 11:04:11 +0200},
  biburl    = {http://dblp.uni-trier.de/rec/bib/conf/types/2003},
  bibsource = {dblp computer science bibliography, http://dblp.org}
}



@inproceedings{DBLP:conf/lics/AbelCD07,
  author    = {Andreas Abel and
               Thierry Coquand and
               Peter Dybjer},
  title     = {Normalization by {E}valuation for {M}artin-{L}\"{o}f {T}ype {T}heory with
               {T}yped {E}quality {J}udgements},
  booktitle = {22nd {IEEE} Symposium on Logic in Computer Science {(LICS} 2007),
               10-12 July 2007, Wroclaw, Poland, Proceedings},
  pages     = {3--12},
  year      = {2007},
  crossref  = {DBLP:conf/lics/2007},
  timestamp = {Sat, 22 Nov 2014 13:44:46 +0100},
  biburl    = {http://dblp.uni-trier.de/rec/bib/conf/lics/AbelCD07},
  bibsource = {dblp computer science bibliography, http://dblp.org}
}

@proceedings{DBLP:conf/lics/2007,
  title     = {22nd {IEEE} Symposium on Logic in Computer Science {(LICS} 2007),
               10-12 July 2007, Wroclaw, Poland, Proceedings},
  publisher = {{IEEE} Computer Society},
  year      = {2007},
  timestamp = {Fri, 21 Nov 2014 14:08:55 +0100},
  biburl    = {http://dblp.uni-trier.de/rec/bib/conf/lics/2007},
  bibsource = {dblp computer science bibliography, http://dblp.org}
}

@booklet{abel:habil,
  author = 	 {Andreas Abel},
  title = 	 {Normalization by {E}valuation: {D}ependent {T}ypes and {I}mpredicativity},
  school = 	 {Ludwig-Maximilians-Universit\"{a}t M\"{u}nchen},
  year = 	 2013,
  note = 	 {Habilitationsschrift}}

@article{DBLP:journals/corr/abs-1202-4905,
  author    = {Andrea Asperti and
               Wilmer Ricciotti and
               Claudio Sacerdoti Coen and
               Enrico Tassi},
  title     = {A {B}i-{D}irectional {R}efinement {A}lgorithm for the {C}alculus of ({C}o){I}nductive
               {C}onstructions},
  journal   = {Logical Methods in Computer Science},
  volume    = 8,
  number    = 1,
  year      = 2012,
  timestamp = {Mon, 15 Oct 2012 13:17:50 +0200},
  biburl    = {http://dblp.uni-trier.de/rec/bib/journals/corr/abs-1202-4905},
  bibsource = {dblp computer science bibliography, http://dblp.org}
}


@inproceedings{DBLP:conf/popl/KrishnaswamiPB15,
  author    = {Neelakantan R. Krishnaswami and
               Pierre Pradic and
               Nick Benton},
  title     = {Integrating {L}inear and {D}ependent {T}ypes},
  booktitle = {Proceedings of the 42nd Annual {ACM} {SIGPLAN-SIGACT} Symposium on
               Principles of Programming Languages, {POPL} 2015, Mumbai, India, January
               15-17, 2015},
  pages     = {17--30},
  year      = {2015},
  crossref  = {DBLP:conf/popl/2015},
  timestamp = {Sat, 20 Dec 2014 16:58:56 +0100},
  biburl    = {http://dblp.uni-trier.de/rec/bib/conf/popl/KrishnaswamiPB15},
  bibsource = {dblp computer science bibliography, http://dblp.org}
}

@proceedings{DBLP:conf/popl/2015,
  editor    = {Sriram K. Rajamani and
               David Walker},
  title     = {Proceedings of the 42nd Annual {ACM} {SIGPLAN-SIGACT} Symposium on
               Principles of Programming Languages, {POPL} 2015, Mumbai, India, January
               15-17, 2015},
  publisher = {{ACM}},
  year      = {2015},
  timestamp = {Sat, 20 Dec 2014 16:56:16 +0100},
  biburl    = {http://dblp.uni-trier.de/rec/bib/conf/popl/2015},
  bibsource = {dblp computer science bibliography, http://dblp.org}
}

@article{DBLP:journals/iandc/CervesatoP02,
  author    = {Iliano Cervesato and
               Frank Pfenning},
  title     = {A {L}inear {L}ogical {F}ramework},
  journal   = {Inf. Comput.},
  volume    = {179},
  number    = {1},
  pages     = {19--75},
  year      = {2002},
  timestamp = {Thu, 20 Nov 2003 12:03:02 +0100},
  biburl    = {http://dblp.uni-trier.de/rec/bib/journals/iandc/CervesatoP02},
  bibsource = {dblp computer science bibliography, http://dblp.org}
}

@article{DBLP:journals/jfp/SwamyCFSBY13,
  author    = {Nikhil Swamy and
               Juan Chen and
               C{\'{e}}dric Fournet and
               Pierre{-}Yves Strub and
               Karthikeyan Bhargavan and
               Jean Yang},
  title     = {Secure distributed programming with value-dependent types},
  journal   = {J. Funct. Program.},
  volume    = {23},
  number    = {4},
  pages     = {402--451},
  year      = {2013},
  timestamp = {Tue, 05 Nov 2013 14:59:48 +0100},
  biburl    = {http://dblp.uni-trier.de/rec/bib/journals/jfp/SwamyCFSBY13},
  bibsource = {dblp computer science bibliography, http://dblp.org}
}

@article{DBLP:journals/corr/Vakar14,
  author    = {Matthijs V{\'{a}}k{\'{a}}r},
  title     = {Syntax and {S}emantics of {L}inear {D}ependent {T}ypes},
  journal   = {CoRR},
  volume    = {abs/1405.0033},
  year      = {2014},
  timestamp = {Mon, 02 Jun 2014 08:30:36 +0200},
  biburl    = {http://dblp.uni-trier.de/rec/bib/journals/corr/Vakar14},
  bibsource = {dblp computer science bibliography, http://dblp.org}
}

@article{DBLP:journals/scp/ShiX13,
  author    = {Rui Shi and
               Hongwei Xi},
  title     = {A linear type system for multicore programming in {ATS}},
  journal   = {Sci. Comput. Program.},
  volume    = {78},
  number    = {8},
  pages     = {1176--1192},
  year      = {2013},
  timestamp = {Tue, 04 Jun 2013 14:03:23 +0200},
  biburl    = {http://dblp.uni-trier.de/rec/bib/journals/scp/ShiX13},
  bibsource = {dblp computer science bibliography, http://dblp.org}
}

@article{DBLP:journals/jfp/Brady13,
  author    = {Edwin Brady},
  title     = {Idris, a general-purpose dependently typed programming language: {D}esign
               and implementation},
  journal   = {J. Funct. Program.},
  volume    = {23},
  number    = {5},
  pages     = {552--593},
  year      = {2013},
  timestamp = {Tue, 05 Nov 2013 14:59:48 +0100},
  biburl    = {http://dblp.uni-trier.de/rec/bib/journals/jfp/Brady13},
  bibsource = {dblp computer science bibliography, http://dblp.org}
}



@article{DBLP:journals/tcs/Girard87,
  author    = {Jean{-}Yves Girard},
  title     = {Linear Logic},
  journal   = {Theor. Comput. Sci.},
  volume    = {50},
  pages     = {1--102},
  year      = {1987},
  timestamp = {Wed, 07 Sep 2011 12:13:20 +0200},
  biburl    = {http://dblp.uni-trier.de/rec/bib/journals/tcs/Girard87},
  bibsource = {dblp computer science bibliography, http://dblp.org}
}

@InProceedings{martinloef:predicative,
  author = 	 {Per Martin-L\"{o}f},
  title = 	 {An {I}ntuitionistic {T}heory of {T}ypes: Predicative {P}art},
  booktitle = {Logic Colloquium 1973},
  year = 	 1975,
  editor = 	 {H. E. Rose and J. C. Shepherdson},
  address = 	 {Amsterdam},
  publisher = {North-Holland Publishing Company}}




@inproceedings{DBLP:conf/ifl/VriesPA07,
  author    = {Edsko de Vries and
               Rinus Plasmeijer and
               David M. Abrahamson},
  title     = {Uniqueness {T}yping {S}implified},
  booktitle = {Implementation and Application of Functional Languages, 19th International
               Workshop, {IFL} 2007, Freiburg, Germany, September 27-29, 2007. Revised
               Selected Papers},
  pages     = {201--218},
  year      = {2007},
  crossref  = {DBLP:conf/ifl/2007},
  timestamp = {Fri, 05 Sep 2008 09:35:34 +0200},
  biburl    = {http://dblp2.uni-trier.de/rec/bib/conf/ifl/VriesPA07},
  bibsource = {dblp computer science bibliography, http://dblp.org}
}

@proceedings{DBLP:conf/ifl/2007,
  editor    = {Olaf Chitil and
               Zolt{\'{a}}n Horv{\'{a}}th and
               Vikt{\'{o}}ria Zs{\'{o}}k},
  title     = {Implementation and Application of Functional Languages, 19th International
               Workshop, {IFL} 2007, Freiburg, Germany, September 27-29, 2007. Revised
               Selected Papers},
  series    = {Lecture Notes in Computer Science},
  volume    = {5083},
  publisher = {Springer},
  year      = {2008},
  timestamp = {Fri, 05 Sep 2008 09:34:21 +0200},
  biburl    = {http://dblp2.uni-trier.de/rec/bib/conf/ifl/2007},
  bibsource = {dblp computer science bibliography, http://dblp.org}
}



@inproceedings{DBLP:conf/ppdp/ToninhoCP11,
  author    = {Bernardo Toninho and
               Lu{\'{\i}}s Caires and
               Frank Pfenning},
  title     = {Dependent session types via intuitionistic linear type theory},
  booktitle = {Proceedings of the 13th International {ACM} {SIGPLAN} Conference on
               Principles and Practice of Declarative Programming, July 20-22, 2011,
               Odense, Denmark},
  pages     = {161--172},
  year      = {2011},
  crossref  = {DBLP:conf/ppdp/2011},
  timestamp = {Tue, 18 Oct 2011 19:22:42 +0200},
  biburl    = {http://dblp.uni-trier.de/rec/bib/conf/ppdp/ToninhoCP11},
  bibsource = {dblp computer science bibliography, http://dblp.org}
}

@proceedings{DBLP:conf/ppdp/2011,
  editor    = {Peter Schneider{-}Kamp and
               Michael Hanus},
  title     = {Proceedings of the 13th International {ACM} {SIGPLAN} Conference on
               Principles and Practice of Declarative Programming, July 20-22, 2011,
               Odense, Denmark},
  publisher = {{ACM}},
  year      = {2011},
  timestamp = {Tue, 18 Oct 2011 19:19:37 +0200},
  biburl    = {http://dblp.uni-trier.de/rec/bib/conf/ppdp/2011},
  bibsource = {dblp computer science bibliography, http://dblp.org}
}



@inproceedings{DBLP:conf/pepm/Wadler91,
  author    = {Philip Wadler},
  title     = {Is {T}here a {U}se for {L}inear {L}ogic?},
  booktitle = {Proceedings of the Symposium on Partial Evaluation and Semantics-Based
               Program Manipulation, PEPM'91, Yale University, New Haven, Connecticut,
               USA, June 17-19, 1991},
  pages     = {255--273},
  year      = {1991},
  crossref  = {DBLP:conf/pepm/1991},
  timestamp = {Tue, 22 May 2012 15:24:56 +0200},
  biburl    = {http://dblp.uni-trier.de/rec/bib/conf/pepm/Wadler91},
  bibsource = {dblp computer science bibliography, http://dblp.org}
}

@proceedings{DBLP:conf/pepm/1991,
  editor    = {Charles Consel and
               Olivier Danvy},
  title     = {Proceedings of the Symposium on Partial Evaluation and Semantics-Based
               Program Manipulation, PEPM'91, Yale University, New Haven, Connecticut,
               USA, June 17-19, 1991},
  publisher = {{ACM}},
  year      = {1991},
  timestamp = {Tue, 22 May 2012 15:24:56 +0200},
  biburl    = {http://dblp.uni-trier.de/rec/bib/conf/pepm/1991},
  bibsource = {dblp computer science bibliography, http://dblp.org}
}



@inproceedings{DBLP:conf/popl/GaboardiHHNP13,
  author    = {Marco Gaboardi and
               Andreas Haeberlen and
               Justin Hsu and
               Arjun Narayan and
               Benjamin C. Pierce},
  title     = {Linear dependent types for differential privacy},
  booktitle = {The 40th Annual {ACM} {SIGPLAN-SIGACT} Symposium on Principles of
               Programming Languages, {POPL} '13, Rome, Italy - January 23 - 25,
               2013},
  pages     = {357--370},
  year      = {2013},
  crossref  = {DBLP:conf/popl/2013},
  timestamp = {Fri, 18 Jan 2013 17:57:12 +0100},
  biburl    = {http://dblp.uni-trier.de/rec/bib/conf/popl/GaboardiHHNP13},
  bibsource = {dblp computer science bibliography, http://dblp.org}
}

@proceedings{DBLP:conf/popl/2013,
  editor    = {Roberto Giacobazzi and
               Radhia Cousot},
  title     = {The 40th Annual {ACM} {SIGPLAN-SIGACT} Symposium on Principles of
               Programming Languages, {POPL} '13, Rome, Italy - January 23 - 25,
               2013},
  publisher = {{ACM}},
  year      = {2013},
  timestamp = {Fri, 18 Jan 2013 17:48:28 +0100},
  biburl    = {http://dblp.uni-trier.de/rec/bib/conf/popl/2013},
  bibsource = {dblp computer science bibliography, http://dblp.org}
}

@article{DBLP:journals/toplas/PierceT00,
  author    = {Benjamin C. Pierce and
               David N. Turner},
  title     = {Local type inference},
  journal   = {{ACM} Trans. Program. Lang. Syst.},
  volume    = {22},
  number    = {1},
  pages     = {1--44},
  year      = {2000},
  timestamp = {Wed, 26 Nov 2003 14:26:46 +0100},
  biburl    = {http://dblp.uni-trier.de/rec/bib/journals/toplas/PierceT00},
  bibsource = {dblp computer science bibliography, http://dblp.org}
}

@inproceedings{DBLP:conf/icfp/Dolan13,
  author    = {Stephen Dolan},
  title     = {Fun with semirings: a functional pearl on the abuse of linear algebra},
  booktitle = {{ACM} {SIGPLAN} International Conference on Functional Programming,
               ICFP'13, Boston, MA, {USA} - September 25 - 27, 2013},
  pages     = {101--110},
  year      = {2013},
  crossref  = {DBLP:conf/icfp/2013},
  url       = {http://doi.acm.org/10.1145/2500365.2500613},
  doi       = {10.1145/2500365.2500613},
  timestamp = {Thu, 19 Sep 2013 11:26:38 +0200},
  biburl    = {http://dblp.uni-trier.de/rec/bib/conf/icfp/Dolan13},
  bibsource = {dblp computer science bibliography, http://dblp.org}
}

@proceedings{DBLP:conf/icfp/2013,
  editor    = {Greg Morrisett and
               Tarmo Uustalu},
  title     = {{ACM} {SIGPLAN} International Conference on Functional Programming,
               ICFP'13, Boston, MA, {USA} - September 25 - 27, 2013},
  publisher = {{ACM}},
  year      = {2013},
  url       = {http://dl.acm.org/citation.cfm?id=2500365},
  isbn      = {978-1-4503-2326-0},
  timestamp = {Thu, 19 Sep 2013 11:20:00 +0200},
  biburl    = {http://dblp.uni-trier.de/rec/bib/conf/icfp/2013},
  bibsource = {dblp computer science bibliography, http://dblp.org}
}

@inproceedings{DBLP:conf/icfp/PetricekOM14,
  author    = {Tomas Petricek and
               Dominic A. Orchard and
               Alan Mycroft},
  title     = {Coeffects: a calculus of context-dependent computation},
  booktitle = {Proceedings of the 19th {ACM} {SIGPLAN} international conference on
               Functional programming, Gothenburg, Sweden, September 1-3, 2014},
  pages     = {123--135},
  year      = {2014},
  crossref  = {DBLP:conf/icfp/2014},
  url       = {http://doi.acm.org/10.1145/2628136.2628160},
  doi       = {10.1145/2628136.2628160},
  timestamp = {Thu, 20 Nov 2014 18:09:13 +0100},
  biburl    = {http://dblp.uni-trier.de/rec/bib/conf/icfp/PetricekOM14},
  bibsource = {dblp computer science bibliography, http://dblp.org}
}

@proceedings{DBLP:conf/icfp/2014,
  editor    = {Johan Jeuring and
               Manuel M. T. Chakravarty},
  title     = {Proceedings of the 19th {ACM} {SIGPLAN} international conference on
               Functional programming, Gothenburg, Sweden, September 1-3, 2014},
  publisher = {{ACM}},
  year      = 2014,
  url       = {http://dl.acm.org/citation.cfm?id=2628136},
  isbn      = {978-1-4503-2873-9},
  timestamp = {Thu, 20 Nov 2014 18:05:13 +0100},
  biburl    = {http://dblp.uni-trier.de/rec/bib/conf/icfp/2014},
  bibsource = {dblp computer science bibliography, http://dblp.org}
}

